@article{1,
  title={Demystifying IoT security: An exhaustive survey on IoT vulnerabilities and a first empirical look on Internet-scale IoT exploitations},
  author={Neshenko, Nataliia and Bou-Harb, Elias and Crichigno, Jorge and Kaddoum, Georges and Ghani, Nasir},
  journal={IEEE Communications Surveys \& Tutorials},
  volume={21},
  number={3},
  pages={2702--2733},
  year={2019},
  publisher={IEEE}
}

@article{2,
  title={A survey of security vulnerability analysis, discovery, detection, and mitigation on IoT devices},
  author={Yu, Miao and Zhuge, Jianwei and Cao, Ming and Shi, Zhiwei and Jiang, Lin},
  journal={Future Internet},
  volume={12},
  number={2},
  pages={27},
  year={2020},
  publisher={MDPI}
}

@article{3,
  title={A taxonomy of IoT firmware security and principal firmware analysis techniques},
  author={Nadir, Ibrahim and Mahmood, Haroon and Asadullah, Ghalib},
  journal={International Journal of Critical Infrastructure Protection},
  pages={100552},
  year={2022},
  publisher={Elsevier}
}

@inproceedings{4,
  title={Breaking all the thingsâ€”A systematic survey of firmware extraction techniques for IoT devices},
  author={Vasile, Sebastian and Oswald, David and Chothia, Tom},
  booktitle={International Conference on Smart Card Research and Advanced Applications},
  pages={171--185},
  year={2018},
  organization={Springer}
}
@article{5,
  title={Automatic vulnerability detection in embedded devices and firmware: survey and layered taxonomies},
  author={Qasem, Abdullah and Shirani, Paria and Debbabi, Mourad and Wang, Lingyu and Lebel, Bernard and Agba, Basile L},
  journal={ACM Computing Surveys (CSUR)},
  volume={54},
  number={2},
  pages={1--42},
  year={2021},
  publisher={ACM New York, NY, USA}
}